@article{hellerstein2008quantitative,
  title={Quantitative data cleaning for large databases},
  author={Hellerstein, Joseph M},
  year={2008}
}

@article{vanbuuren2011mice,
    title={mice: Multivariate Imputation by Chained Equations in R},
    author={Stef van Buuren and Karin Groothuis-Oudshoorn},
    journal={Journal of Statistical Software},
    year={2011},
    publisher={American Statistical Association}
}

@article{burgette2010multiple,
  title={Multiple imputation for missing data via sequential regression trees},
  author={Burgette, Lane F and Reiter, Jerome P},
  journal={American Journal of Epidemiology},
  pages={kwq260},
  year={2010},
  publisher={Oxford Univ Press}
}

@book{gelman2006data,
  title={Data analysis using regression and multilevel/hierarchical models},
  author={Gelman, Andrew and Hill, Jennifer},
  year={2006},
  publisher={Cambridge University Press}
}

@article{akande2015empirical,
  title={An Empirical Comparison of Multiple Imputation Methods for Categorical Data},
  author={Akande, Olanrewaju and Li, Fan and Reiter, Jerome},
  journal={arXiv preprint arXiv:1508.05918},
  year={2015}
}

@article{mansinghka2015bayesdb,
  title={BayesDB: A probabilistic programming system for querying the probable implications of data},
  author={Mansinghka, Vikash and Tibbetts, Richard and Baxter, Jay and Shafto, Pat and Eaves, Baxter},
  journal={arXiv preprint arXiv:1512.05006},
  year={2015}
}


@inproceedings{zaniolo1982database,
  title={Database relations with null values},
  author={Zaniolo, Carlo},
  booktitle={Proceedings of the 1st ACM SIGACT-SIGMOD symposium on Principles of database systems},
  pages={27--33},
  year={1982},
  organization={ACM}
}

@article{codd1973understanding,
  title={Understanding relations},
  author={Codd, Edgar F},
  journal={ACM SIGMOD Record},
  volume={5},
  number={1},
  pages={63--64},
  year={1973},
  publisher={ACM}
}

@article{grant1977null,
  title={Null values in a relational data base},
  author={Grant, John},
  journal={Information Processing Letters},
  volume={6},
  number={5},
  pages={156--157},
  year={1977},
  publisher={Elsevier}
}


@article{blasgen1981system,
  title={System R: An architectural overview},
  author={Blasgen, Mike W. and Astrahan, Morton M. and Chamberlin, Donald D. and Gray, JN and King, WF and Lindsay, Bruce G. and Lorie, Raymond A. and Mehl, James W. and Price, Thomas G. and Putzolu, Gianfranco R. and others},
  journal={IBM systems journal},
  volume={20},
  number={1},
  pages={41--62},
  year={1981},
  publisher={IBM}
}

@book{martin1995time,
  title={The time complexity of decision tree induction},
  author={Martin, J Kent and Hirschberg, Daniel S},
  year={1995},
  publisher={Citeseer}
}

@inproceedings{parisi2011embedding,
  title={Embedding forecast operators in databases},
  author={Parisi, Francesco and Sliva, Amy and Subrahmanian, VS},
  booktitle={International Conference on Scalable Uncertainty Management},
  pages={373--386},
  year={2011},
  organization={Springer}
}


@article{parisi2013temporal,
  title={A temporal database forecasting algebra},
  author={Parisi, Francesco and Sliva, Amy and Subrahmanian, VS},
  journal={International Journal of Approximate Reasoning},
  volume={54},
  number={7},
  pages={827--860},
  year={2013},
  publisher={Elsevier}
}

@inproceedings{duan2007processing,
  title={Processing forecasting queries},
  author={Duan, Songyun and Babu, Shivanath},
  booktitle={Proceedings of the 33rd international conference on Very large data bases},
  pages={711--722},
  year={2007},
  organization={VLDB Endowment}
}

@misc{fcc-data,
  title = {2016 New Coder Survey},
  author= {{FreeCodeCamp}},
  howpublished = {\url{https://www.kaggle.com/freecodecamp/2016-new-coder-survey-}},
  note = {Accessed: 2016-09-03}
}

@misc{cdc-data,
  title = {National Health and Nutrition Examination Survey (2013-2014)},
  Author= {{Center for Disease Control}},
  howpublished = {\url{https://wwwn.cdc.gov/nchs/nhanes/ContinuousNhanes/Default.aspx?BeginYear=2013}},
  note = {Accessed: 2016-09-03}
}

@misc{worldbank-data,
  title = {World Development Indicators: GDP Per Capita},
  Author= {{The World Bank}},
  howpublished = {\url{http://databank.worldbank.org/data/}},
  note = {Accessed: 2016-02-12}
}

@inproceedings{kohavi1995study,
  title={A study of cross-validation and bootstrap for accuracy estimation and model selection},
  author={Kohavi, Ron and others},
  booktitle={Ijcai},
  volume={14},
  number={2},
  pages={1137--1145},
  year={1995},
  organization={Stanford, CA}
}

@article{data-science-cleaning,
  title={For Big-Data Scientists, 'Janitor Work' Is Key Hurdle to Insights},
  author={Lohr, Steve},
  journal={New York Times},
  year={2014},
  url= "https://www.nytimes.com/2014/08/18/technology/for-big-data-scientists-hurdle-to-insights-is-janitor-work.html"
}


@book{pareto1964cours,
  title={Cours d'{\'e}conomie politique},
  author={Pareto, Vilfredo},
  volume={1},
  year={1964},
  publisher={Librairie Droz}
}

@inproceedings{wolf2007query,
  title={Query processing over incomplete autonomous databases},
  author={Wolf, Garrett and Khatri, Hemal and Chokshi, Bhaumik and Fan, Jianchun and Chen, Yi and Kambhampati, Subbarao},
  booktitle={Proceedings of the 33rd international conference on Very large data bases},
  pages={651--662},
  year={2007},
  organization={VLDB Endowment}
}

@inproceedings{fernandez2009inter,
  author    = {Rafael Fern{\'{a}}ndez{-}Moctezuma and
               Kristin Tufte and
               Jin Li},
  title     = {Inter-Operator Feedback in Data Stream Management Systems via Punctuation},
  booktitle = {{CIDR} 2009, Fourth Biennial Conference on Innovative Data Systems
               Research, Asilomar, CA, USA, January 4-7, 2009, Online Proceedings},
  year      = {2009},
  crossref  = {DBLP:conf/cidr/2009},
  biburl    = {http://dblp.uni-trier.de/rec/bib/conf/cidr/Fernandez-MoctezumaTL09},
  bibsource = {dblp computer science bibliography, http://dblp.org}
}
